<record xmlns="http://www.loc.gov/MARC21/slim" xmlns:xsi="http://www.w3.org/2001/XMLSchema-instance" xsi:schemaLocation="http://www.loc.gov/MARC21/slim http://www.loc.gov/standards/marcxml/schema/MARC21slim.xsd"><leader>01933nam a2200361   4500</leader><controlfield tag="001">1685929</controlfield><controlfield tag="003">NIC</controlfield><controlfield tag="006">m        d        </controlfield><controlfield tag="007">cr cn |||m|||a</controlfield><controlfield tag="008">150222s1951    ua      ob    000 0 ara d</controlfield><datafield ind1=" " ind2=" " tag="040"><subfield code="a">NNU</subfield><subfield code="b">eng</subfield><subfield code="c">NNU</subfield></datafield><datafield ind1=" " ind2=" " tag="043"><subfield code="a">f-ua---</subfield></datafield><datafield ind1="1" ind2=" " tag="100"><subfield code="6">880-01</subfield><subfield code="a">H&#803;ami&#772;dah, &#699;Abd al-Razza&#772;q.</subfield></datafield><datafield ind1="1" ind2="3" tag="245"><subfield code="6">880-02</subfield><subfield code="a">al-Adab al-&#699;Arabi&#772; fi&#772; Mis&#803;r min al-fath&#803; al-Isla&#772;mi&#772; ila&#769; al-Fa&#772;t&#803;imi&#772;yi&#772;n</subfield><subfield code="h">[electronic resource] /</subfield><subfield code="c">ta&#700;li&#772;f &#699;Abd al-Razza&#772;q H&#803;ami&#772;dah.</subfield></datafield><datafield ind1=" " ind2=" " tag="260"><subfield code="6">880-03</subfield><subfield code="a">[al-Qa&#772;hirah] :</subfield><subfield code="b">Maktabat al-Anjlu al-Mis&#803;ri&#772;yah,</subfield><subfield code="c">[1951]</subfield></datafield><datafield ind1=" " ind2=" " tag="300"><subfield code="a">online resource (298 p.)</subfield></datafield><datafield ind1=" " ind2=" " tag="500"><subfield code="a">Part of the Arabic Collections Online (ACO) project, contributed by Cornell University Libraries.</subfield></datafield><datafield ind1=" " ind2=" " tag="504"><subfield code="a">Includes bibliographical references.</subfield></datafield><datafield ind1=" " ind2=" " tag="533"><subfield code="a">Electronic reproduction.</subfield><subfield code="b">New York, N.Y. :</subfield><subfield code="c">New York University,</subfield><subfield code="d">2015.</subfield><subfield code="5">NNU</subfield></datafield><datafield ind1=" " ind2="0" tag="650"><subfield code="a">Arabic literature</subfield><subfield code="z">Egypt</subfield><subfield code="x">History and criticism.</subfield></datafield><datafield ind1=" " ind2="0" tag="650"><subfield code="a">Arabic literature</subfield><subfield code="x">History and criticism.</subfield></datafield><datafield ind1=" " ind2="7" tag="650"><subfield code="a">Arabic literature.</subfield><subfield code="2">fast</subfield><subfield code="0">(OCoLC)fst00812478</subfield></datafield><datafield ind1=" " ind2="7" tag="651"><subfield code="a">Egypt.</subfield><subfield code="2">fast</subfield><subfield code="0">(OCoLC)fst01208755</subfield></datafield><datafield ind1=" " ind2="7" tag="655"><subfield code="a">Criticism, interpretation, etc.</subfield><subfield code="2">fast</subfield><subfield code="0">(OCoLC)fst01411635</subfield></datafield><datafield ind1="2" ind2=" " tag="710"><subfield code="a">Cornell University.</subfield><subfield code="b">Libraries.</subfield></datafield><datafield ind1="0" ind2=" " tag="730"><subfield code="a">Arabic Collections Online.</subfield></datafield><datafield ind1="0" ind2="8" tag="776"><subfield code="i">Print version:</subfield><subfield code="a">H&#803;ami&#772;dah, &#699;Abd al-Razza&#772;q.</subfield><subfield code="t">al-Adab al-&#699;Arabi&#772; fi&#772; Mis&#803;r min al-fath&#803; al-Isla&#772;mi&#772; ila&#769; al-Fa&#772;t&#803;imi&#772;yi&#772;n</subfield><subfield code="w">(NIC)1685929</subfield><subfield code="w">(OCoLC)63980013</subfield></datafield><datafield ind1="4" ind2="0" tag="856"><subfield code="u">http://hdl.handle.net/2333.1/z08kpv10</subfield></datafield><datafield ind1="1" ind2=" " tag="880"><subfield code="6">100-01/r</subfield><subfield code="a">&#1581;&#1605;&#1610;&#1583;&#1577;&#1548; &#1593;&#1576;&#1583; &#1575;&#1604;&#1585;&#1586;&#1575;&#1602;.</subfield></datafield><datafield ind1="1" ind2="2" tag="880"><subfield code="6">245-02/r</subfield><subfield code="a">&#1575;&#1604;&#1575;&#1583;&#1576; &#1575;&#1604;&#1593;&#1585;&#1576;&#1610; &#1601;&#1610; &#1605;&#1589;&#1585; &#1605;&#1606; &#1575;&#1604;&#1601;&#1578;&#1581; &#1575;&#1604;&#1575;&#1587;&#1604;&#1575;&#1605;&#1610; &#1575;&#1604;&#1609; &#1575;&#1604;&#1601;&#1575;&#1591;&#1605;&#1610;&#1610;&#1606; /</subfield><subfield code="c">&#1578;&#1571;&#1604;&#1610;&#1601; &#1593;&#1576;&#1583; &#1575;&#1604;&#1585;&#1586;&#1575;&#1602; &#1581;&#1605;&#1610;&#1583;&#1577;.</subfield></datafield><datafield ind1=" " ind2=" " tag="880"><subfield code="6">260-03/r</subfield><subfield code="a">[&#1575;&#1604;&#1602;&#1575;&#1607;&#1585;&#1577;] :</subfield><subfield code="b">&#1605;&#1603;&#1578;&#1576;&#1577; &#1575;&#1604;&#1575;&#1606;&#1580;&#1604;&#1608; &#1575;&#1604;&#1605;&#1589;&#1585;&#1610;&#1577;&#1548;</subfield><subfield code="c">[1951]</subfield></datafield><datafield ind1=" " ind2=" " tag="959"><subfield code="a">NNU</subfield><subfield code="b">WEB</subfield><subfield code="c">GENI</subfield><subfield code="t">0</subfield><subfield code="m">Electronic access</subfield><subfield code="s">01</subfield></datafield><datafield ind1=" " ind2=" " tag="999"><subfield code="i">NIC_1685929</subfield><subfield code="o">(OCoLC)ocm63980013</subfield><subfield code="s">cornell_aco000035</subfield></datafield></record>